01195546499D2C0E7D5B7CA5E5247F94267:1
02C8310438AA1D76B050FA29A79E94DC8C7:2
033269A97887ABCD7179C0BA08503B588AD:1
03509E836D3E2FA63DD0DBF7551897E8700:1
037B4C01D2EFF941505E7C6A6EDA8C81BE3:1
03C3C5FF263E98EBD5908ED26718133D95F:1
042B14027086F8FC24067DA2573E2B16358:3
045163AC831B6D39BDDD3E2F9A8711E92A8:2
046B26BDDD5DBB8B369F666F8A8D3F3C05B:3
047C86980A440D4AFE2199D468CC5C1946D:1
04879CA96BB13ACF6D94FEC2AF1D5852448:2
05760FA9B9798C26BEC3C3889A9D52B908B:1
057730D3311C388270732D8AFE9A3E7D96C:1
05EA1746339F9C91517A329F49D531A6751:5
062E9C32F7085983BCEE3E5BF6223C9E918:1
0639C1529A9B9CB563D714A4152516333F1:3
06934C48BE99EEB179751830C5FA80AD716:3
0698A82415FD86F7598E6299E51DE52C483:15
06C84BBB3739284D1C064E65068D1FEA5EB:3
072F5348C6A0E9F74981AA4E2F73A62CF53:1
073AE07DC5045DBB0A1F686BDB86E491375:3
0830DF0D8B4CF0A1CEB0EDDF4087E18467C:2
0845CE3CCDF731BCB9B25D66B97DFBED748:1
085642C0D512C82612D23088A7965FA9FCB:3
08AA164081A3D5BC4D806C613489E8C9277:2
08B7F7EC5D2DD66E5AE50109559F5C3DD3C:1
08D65D2BA64A9A01B3E57B0A1DD28D928E1:3
08DC9B5134823131943BB3243E1F09B82D5:1
091DD398F6997A04F689B57C069F8A7C845:1
091E61364DA88C4C65F870B3A83B7A9E9DC:4
09318BCC57CB19971A9A0AD8F2F84CAFFD5:1
096082C58797D75B526E61302FA289BE826:6
098634F1BE8A5A61E7669C93F8C106D34E4:4
0A0511CA3FBC74C054E3BADE44851135510:1
0ACA27CFE468F0D50B6338DEB8B25E9A132:2
0BC7943912CDB5D47085B80281274B30277:9
0C04DBE96F92D28FEE31EFBFAF3BFF88678:13
0C413505E676758B9ADCA12BE3672EDD3D1:1
0C46F510555A994D0E03D49F1E4915AAE7A:2
0C7FF66EF34A50BF4DCD37C3D37770A03AE:1
0CC995F973897739AEB6F8444A38F382815:2
0D03847AB97367AA6954ECEA9879F44B1F2:1
0D3F6367933BA17E75806311BAF7437A7E5:2
0D4E8BBFA01ECC5341E6036BCABF4383071:40
0D7E63B00EC4DEADAC4E3D446F5B1937586:1
0E2ECDBE4BC94688BA3861DC0506B50A2EC:1
0F89099583C5AA15FE02CB829C530138FA8:21
100E374577358D301AD9166017EEDF4A5A8:1
103C0921FBCD23E918944E739C7A765CCD1:279
1040A309D4F6FB65B7801C3FB9E3ED8FB8E:2
10ADD1859625F0B415BF6A6D9E2E4848C2A:4
10DD3E5F0EF316B81C1199A623DEC65791C:3
10E0DC3DD7A54957830E6911F00302C9086:1
120F2F176D685611DB397C7D5C1A7247B87:1
124B295C52623098CC64FC0C4AC6A1717CD:1
12548D4BD4ED490DB5FCB23872AA36FBF47:3
129E4C6CFB23CDA4CC827A2634F27927B00:12
12CD2C06B6FE6CA7D46A1B1810ABF4D2895:1
1361D1C7EA488BE02B8E5692A5D23704188:1
13C4F8470BBD27EB656298D4E8987E2FE86:2
13C8D7EB02DA73AEA0FC8600693CBE12995:1
13D81AA23A5A8A16DE9496807D8E018C13C:1
13F0F3EFF45B1D2FA642312E3C806ADECE3:4
1486E5DCEC6B5313017722DFF2B6E9D20FF:19
14C5841DFA5C2774278CFE623F392DCA903:2
15B6A146E06537001A63272A64D2E274DE5:5
15F5F012E66C50B09184AE032AF5C0D019B:2
162EBF9490E0B2A85AB1E2EF66BEC71C7F7:10
164E3C38B478185A96CA9F00D7002A77EF2:1
1676A61BEF0A25FEB0C26190D34B1CA4465:5
169D636EADCA02445EE3EE36BA9B6ECA7D7:1
16BC72629D9D503544F34661FEE0A6995D5:3
16DE67C036670B8C1D6DAC059A729932C79:1
170D283F01D31D0672B9705B09329E06EF5:1
172C763E5C5923661E74DFA819A20D3EABF:11
1789EC27FDE2835DC9CCE4271F95F91206A:3
17DF1D491306C860CCF4F2E703C9FABE2E0:3
189F76002EF792677D5383259F304C4EF6D:1
1A0DE027F9657C5F562860A0AFC324D5BD1:1
1A1EEA1CAFB8FB63BE3C2DD7EA506F98F8F:3
1A2C08B9596CE8C7E1D23E80702EDE67C28:2
1AA273A122AA6D2CDFA7E001BB87942B4A7:1
1ACFB1D033720525A7CCFD7886005714407:1
1B4506A619A0BD01AA6F84E8FD5B6D2DDE9:1
1C6B0D270DA420C571DCF2032B73CE2685F:1
1D3F3BB5497BD43A6BC19CCAE1E8CC04074:1
1D5BFD4287AD6BA37AE02F3B087CBBB3D11:3
1D5F7B9B5C7A41AA31C10C0041A15D35AF3:1
1D6760871E325C51E27C1F4FC8F425BCD07:1
1DBC7441CC55C06FE314F7B92B9952DF62C:3
1DD468ED69318D698FC8DE138C7881234B1:3
1DD83A22B2AE64906FD2BD7CE976480CECA:1
1E21EFA99F7ADC7FE6D1C3C3E6A20BC4567:2
1E2317B748D51D97D0A585BD206A9349A28:1
1EB83830C98201DEFE25A9E932E07E622C6:3
1EE68D4680C2CD2C59690A34D34DC2148F5:1
1F20EE02C74351129855ED94B0A62615568:1
1F40C38FF5B0D34E7B370B083B4542B9967:1
1F8A857665BE33B9D51547EE7102B3F3FBD:1
2050D12BBD06E2CD072FC9BCA81CF1EF6B2:5
2059AFAEF0D631F361BEB8577392804BD53:2
2086705BA1CA1A7A39AC56AAB48D4614F18:2
20965B908466362A00962D29B7F9336D465:1
2142B357C8BEA092086A5E4ACDBDE08F336:1
21AFA3142CCDB45C28C088FF1BE3B571BE2:2
2239BBFD6BE74FF644D186A4CCFDD02491D:1
22570B1F75DD0916FE1982AB70C29731B10:1
2343BFA777205E6B15DB1D3E5D93911C7F0:3
235C0F619156E4EB7D47D144CC2E4399A8B:3
23E7F9881631D1275E439FC928D116918EE:4
24314A65C28EC8155B75E51821340608095:8
248960B2B0612E8F7E93617DAB53903DBB5:8
2635CD2B819D36432AC3DC02E57EFB98E70:4
265D3B8E2954C0DB4CBE34237678B5E9973:2
266EB2DCD4908EFB713A7A9F6347D71599C:3
2671FCF1B1210760F96389B36C5B32ADB5E:1
26A9E1DC5E0C9237C47FBD5559501F797CC:3
26F968732DFEC37EC6705FEDAE694C628A7:2
278ABE044A0C0086A47631AE87BB7F89DF4:1
278E1BAE19FEB71B02BD992B6119E542132:24
27C124DD121A0EA09C1783FF5B6E7423010:28
28010775C256713CE0A1CB0F002CB9873F3:9
280605B2212DC427510BF61F8DF05551FAF:1
281BC293B68C8EABBC8B391BB22C8447BC4:2
2975A0B2F0ED66E2F7C458486E5E63A3C9E:1
2A1D1A2A438BE516AF9CEF90F121986CC2B:11
2A53CD83B811DD403C68E9E0775F5FE4824:1
2B2B1522C70841C51F386B5057CEC590561:25
2B3910CF7C47B8F85FFD29F2FD9C1C176C5:1
2BB44BCB8A9B27CBFF1687D6594B5F05245:1
2C2074916444AE65828CDA28C4BF4873B24:4
2C35661C0D0F096C11D0FE49E6665AAA3C1:5
2C3820F70DC8142B3D8EC5FBDF0A68EE17E:1
2C682A4502346CFD192F2BC9E59090D5B19:2
2C82833622E7921D909D67FA37E60F002BF:1
2DA9BC0195F84D7C3C6AA1F9F9324C29DCE:2
2DD008FB60022243026E35FFBC09B0B62E4:10
2E1F8DED38AB91DCCD92D0E75E1C9486DCA:1
2E2B92F64E2EC2D81F93EC8517DA5F82781:1
2E4C13EF71141A8E6BE2405E3BE4550A948:8
2E588BDE140DD2CF4204C3D557A14060456:3
2EA515BD6F2BFD65E8483444CDF2A8656D1:12
2EE57D7E146C1E15E9A994AF23ED3A0DE4C:5
2F0117B9E041FFFFCBEB404B1A2ABEFF9F0:1
2F1B43F9F1C1BF00FD6544B967A00087D8A:1
2F37C60D5D37BB1F4C5B6BA151E416BDDC6:3
2F3982B909CCDD37BFC7207C9B319DA34DA:7
2FBAB63322947411FC51CC0DAB5D2E5359D:1
301826C42D12611F3955BF44E2B298D6620:18
30A22C7A51394C94E0C2AC6DAD3C30D7C02:1
30CED5F2F631E23E720B566A3F47CDA933C:9
31C3E3FE8B5204A1536AF5D70477E12CE98:1
324CAF1BBE107BC91B48DE015A37AB99E99:11
3271D6FA0C8C24CC2856E3B69F99DC3BD98:4
329FA544BE6CF4757C299900650733981A7:1
32BB21BD0409CBFDA08B16E1D04ACEC35A1:19
32FC6FE0B8D745B142CC3214310DD0AA215:1
33171510F2DC36FD529826F340E599AA18E:1
33243D8E8C0281BBED8236DA67BBACFC690:1
3426785B2C806E3B9D8AB647B10CA191826:4
34710378EFDFC69283B2013E7D7330B99FA:9
34D23A2A545E3868B75AECD98BEDBCAEAAA:2
353CDA5875ABAE67DD1E23CD04B6AF22607:1
35AEEE49CC00BA96C9D98F756C697F6E6E7:3
3610792E79FA1055D7C2677E5F4F15B4600:4
361AECC74CAE4D3BD74557699AC136D582C:1
3629C8C008A40100C60EE3AE75CFA5CA9C0:2
3752AADB9C9CD2FA52C1CC330DEC88CE3F9:1
379B67E2DFE6C9AF71BC37D7E09FA8F75E3:7
381E6F0679B90A12C69D360DB35A47D1300:4
388BF999103B8FDAC3FD73A73B8EB73AE7C:2
3915A9D4585607641FB696DCB96F4233D77:3
391F73CE7AA156A1F59AE064AE37391C9B5:1
392545958FEAFD25AB0E92391637BDCC14E:1
39D4DC9B62524E5C4DAE264A35F251896C1:1
39EBFB321B110ECCE6C8248753BE50028DA:1
3A2BFA06DFA2E14D88D15D641682ED2556A:7
3A589EDC7A4441429815767AF3BDA65F348:3
3B12870CE4A25988519B54149099DCF4967:5
3B22961747C1E2A8C6B5CDC6869DEA61EE5:6
3B7D3F9843E5B31144BBFBF6E82B35217F3:1
3B901B151D1BECCE0C2379204872DDBBA10:2
3BC20492D564F111558668B7347C0B2D61D:3
3BF1689324C24D5F96B88F656D54B3C3E7E:87
3C545203072C5BE825075D49896BF302ACA:1
3C6BD9053D6D6826EE183CF276115630D49:1
3CC068DC422B0268F74211F84DF7C3B079B:1
3CF078FC3C41D93A8B6FB1E7C22357D29EE:5
3D522A4B8D73193D9B8AB62C9AA7F743856:1
3DCDAD5D753B4CEBD5CBC49DFE1FC2DAF20:28
3F130F86005445701E88A866855FC97961E:1
3F9850AA1FEEF969091A33515B7814DBE90:1
4001F040F44427D15A9F50435CF57257647:2
40A9A6D2219CD045A75555749215B1ACAB4:1
40CA4112B5FF2164BEB4720384152437A69:2
40F2B3F405280C514EC63A29FB386B0CC92:1
4137BCD07612C3551C8C2AFD65E96FEF645:3
41F916161BBB04BE67EAE4E68E7A7B86420:1
42810D65A3A80918922EE89C77353161D3F:1
4321FC0A048B3B6F79681EDFA6D7DE0B0DD:4
43296E0A3FC20B65D79E8A5D97FF80DB63D:1
4344E83B110F0BA460627990E727E54F973:1
434A85DB66468C6B08D1CA36E64D1A18940:1
44257C825D806A862EDB8B28FD8EF0287C4:1
4445F3500189B9DA48EFCE242BE66B5C0D4:3
44D80216C8B96EC17ACF5CC43259C56E544:115
44DDCA855BD354D92D32C9645392F72562F:20
459CFF52C20E9361F9F0987226AF12D1B53:5
45AEE73C1F8BA9EF65879FB7C049F4774BA:29
4614E2DFDFDEBD6AB0A5342469BE08612C1:1
461943A00BCC639C2ECEA5B50344A249E3C:1
462F518A34822345DE7CE551D9A28B99A5D:1
469E7DB5B9FB714D3C44832D23527F87B6B:1
46CB8B6D5C7B44A9C6F3285787DCDEFCD4E:1
46E120D810973779DAE1BBE69446EA5DC63:8
47243BC879C846215F813D367E8D0478FAF:3
47BD3DE62007650E47114BA270379979F9E:3
48071357D463C85B3114CE2C13522C77735:6
48368A74C09ABA589F6AC8FF96A112F563A:2
486954A70C9F4E9AA1578AA8B53AE073B4C:1
4889B2C4E0835B549F0C2B4A4CB89457C58:1
4921714D6DCA40434DD4D3CB79692469E19:2
498EDF9452A4132BE3A5D9BEDB9EACBDEF4:1
4A57E40E24CA94E4004A3997914AA7A3BA5:1
4AA9EE233852AA0BD20859B175495A346F4:3
4AE42C5DCDD2EECEF418EF7E3437851BDCF:2
4B66E53216822FE21C28B3D709FF8A6E24C:1
4B835D3E16B1D1F1DFEECF035A8D3DE5BFA:7
4BAC3552DE232C1263842171DCAA769901C:2
4C594EE38FE568F09E21B4FA43542C2FF3F:1
4C964B0D24785CA39D602037868F7317724:1
4CA21F612907B62A6A764F62F358571A4E2:16
4CDEA10F7154EE45CA99D7C035AE6054A15:16
4D38AED0DD286FFBC5580F7793EDA3C23B7:3
4D6033071BCA1B9B10E77B41C1FF52D76EF:10
4D8C1E1E168C3412531707AD437937588F0:5
4D8D0D393235F1699DD91A6B50DF62A5DF3:3
4DB50202133A4836E74BD23FAAA57089A24:1
4E83FEF8EE970397C1D5A4ABEB9EFCA743C:16
4F0198EA5F20AB453AA1B093515E8BB9049:1
4F629804F0D1CBEAC4485732EB083FE4BC7:1
4FB7AEAC03723AB739EE4891FE3FD33D4D3:1
50513067BAE65B8B9ED0CDAEF46D034816C:2
50CF75618126022053FC07DF2AAF7103CBC:2
50D2D48B588064AD256DA8FC7952D036BE3:2
51486B71E25951891BA76ACEA112D02569C:1
519DECD25609192B13C9DFAB68005CA293C:3
51FC512860F4EA6D67F1B07DC3ED31CDCB0:2
52688E17F9172855B7F887986AD3957C019:13
52A41357CE99B75074E2191CE37CC0275AA:4
52DE09C497673E1A3141CE4AA77DE01A577:1
52EE98E7CB6EA523673AC3BEA615FE2EA4B:1
539F205A69B2912376D85E086066E10F304:1
548134D875E870B711A2BB13D22D307228A:1
54A6C36EF3E5495A6BE6A4D3552C2320705:1
54B37F302B60F2B39586C5FE5830F37EC44:1
550C8472B601ADDB1609713C654704A5723:3
5567EC5FF4A746F4ED63EA1B3EE205824AE:1
55B61728E65FB2CD2694AF9332F187F2C74:1
55BE02595D4D365F719D44B865AC8C36159:3
56FB1937164BFB362FFEEA0F80D1C323C8D:1
5706276980134B877C78BAB029E86E5051D:3
5725153249A3BA43F1F3F82C8560BDB003C:1
57C9F02DC35395A0BB25D0C2544D9B00F0C:1
57D963ABADFBBDA6E9433C2C5BB5B3641E3:1
57E5E305B43DA2BEDC4F368A1199851A72C:1
57E712BC192360F5D5088B1724874EBB68D:3
580F304B46AE7F8E8F97F81AB8FCD61028E:2
5853ECB5516B0338015B8D07C8D2D9EE3A8:1
58C6156C01B34551334F4F5B9F7AFC79AA8:24
58E18A78EE586741987DD9447D1230633EC:1
599900CCACED5FB19F420EF95DD6A04FCAA:3
59B76E8E908C87A3C62352DB0C32C58889E:2
5A3E444C0605D471762F692D074D66E94D2:2
5A697F56E1D3442339E9CC847A0225296B2:3
5A94EED04A578D3E843182541372624050F:1
5AB76F90FEB6ECE5A1205658AA49DC589B7:1
5BD73CF33EF9AEBD679ABABB4252F6828EF:1
5C34E7430853CC330AF4F1AC8D20D4E4E9F:1
5C5F6799C5C28758051AEC15242077B1741:1
5CA8EEA4B27B0A94D61A2802B4DCD0C3E5F:16
5D19D63D6B6A1D2672D1A706844A2BE31B6:21
5D25BA984499E8C675FD0E57528442AFDB8:3
5DA629D3261EB5672192BAA936F9832CDA0:5
5DB6CD8852632BACE0A58B64D282928C60C:1
5DC20723344BAB2EA10C814E8B69174B249:2
5DE077FD7C7229640E333346B0273E14C2F:1
5E696E44556943F74308784AD9E5C47E0C9:2
5E8EE2269F9F34ED4DEB509E982BC13B42A:1
5F01A4C6E1CC23078DFF8B822C140A1CF57:5
5F20565714511C99CB77A857CD0A83FCD41:5
5F87146D9E78F1A5575A4DAC4B483B95B98:3
5F99307898BC6739F5660181D83CD98EBF0:2
60698FC7903E7C5BDFF8A92A62B594DC40F:2
606D0E52B94822886A8FFC39CC9D1FC09D3:9
60A8C0AD1CE454CBAB80656C226656B3FCC:3
60AC80E6B748064D0827370CB29537922A8:1
60B05F8664E3808C06903EBAC7F73403C73:2
60DD02339E6C04446E4C8B07EB143D5296D:6
61131049552C9ED9B7668A55A88E46B96C2:8
617BE886B971693AD195167322368955552:1
621D89C868B5F848C8FC6D1153B61A18CE9:1
623ABE13BABF653581A3D265039ED5D70B0:8
6277F58AFC5AA7F179F36C71BBD4AC2E128:1
629B182584C12B3E078AC9805F02FEE33C6:7
632EDF838F75C9C4A13B80F4E6D7DC54B55:5
63BE240F2C2BD1E87AF126902F2867785F1:1
6413632185670E131C9B51429FCF8DDE4DB:1
655EB9010311B65FA2D04D4ED10569F3B22:3
65CD8BE2F284C30781D4921EAE9416D5422:1
661AB9B5DDBEF98B7AB885D9409528D7EA0:6
6681919C1F9CC689438D21C75C654827046:3
66BD87CAF75CB5A33FD4C1FF4F1D2E64A2C:1
66C81C6A42111F17539B5A0122C2AD15C49:1
6715A3A5C0F99A1A70C5DB81D8871331218:3
68E9957E80287B975CA5378910660D58E44:1
6912D0F006000E6F31118360B62332DE06D:4
691BD5E216EA3CE004389554838B32A15D1:1
6958164A45F0D740116A93C46F50DD526DA:2
6A434549FBFBD55B725860A524D6C53A2B3:4
6A9D7C59F8605AA9321F0FA4FFE303A9CAB:1
6B7E4967364C174FA6DCF14474812A5BA02:6
6B82C08E57D3ACACD12DB4B7D6622219F6A:2
6BB988E61F7A8FE9A6A53985CDC8EADFAD1:3
6C3F1A8C1AE168A91CCA0BEAAEF47DE5D0E:2
6C40A1C335BDE55B3CEC0BEA507BEC99608:8
6CF24460647766CDFCC39D8C9813AA85565:2
6D8587ADE3A2079368C6639AEC7FE8B9E14:1
6DAC0C81DE5D59D0C263F3F3B6D63D14026:1
6DBB1E61CAD478EA7A89A0C8B0248C8F8B0:1
6DBF3DA4863403141D2FB66E7AB8C8BBAE4:110
6E3AC70E5652E5A75332A8ADD176FF1E545:3
6E625F7213507A594A864D2232F26044E38:3
6E9BF812EF8C01B9487CEED094BF193971D:2
6EF8135E6127DAA015D237EBF1C0D8C99B2:7
6F0FF41CC072F69905656F5BCA56BD9EBCE:1
6F47DBC8424856C00E60C61A99DE71A32C2:1
6F7B27DAFE5C9549220F516371840689648:4
6F9A1726B1DE583D674BE3DEED902AD405E:5
6FA05D60297FD8C2428F5431C47F365CD58:1
6FD27944EC7C82F77866E2F3EC8781F30DE:1
6FE33D8C5133F146A2282618272F4297E8E:3
7051ABD0F7313FFAB035DE9CD3ADD2CD421:1
706D3D92BEC697EF7DE95EA3A013864E453:4
7093A638104FA49FF6D03F95C39F5105B1D:2
709D22E80DCFF0355115B235301C38871BA:2
710192FD33C5667ADEBDB8EC55973DE757B:1
716EE675DAE1276BDD9839A9E08A78B635B:1
71736FEB1B701914653C1719210B298966A:1
71BD0555589EE5EFAD8327714A5C34EEEE5:9
724B43C90896A4E4A6E421B5C748D8E6703:1
728B59F20D5386B1DC3D3FD27F6DBF4461B:7
729790CB1F1CA6A824E2A044A1B7230B124:12
72E2FF184A3641BF0035C0E6FE38D9B0439:1
7362EE3C5C495F1A5965B32AA837D6049D8:1
7369126B4288A634C051F352CD02CFCA5C8:2
7397B5A9F192C0C23E56D4A62F29421FBA9:1
73E8FBE15555952EEE0B86E3E5DFCD6624E:1
743DA2D5D49059D5EB46187737CF54BA26F:1
74DF1CA568F7BF8A0ADC76DB4EDDC8C0314:2
74FE9B39536973F9DBF9849ED5FD8A8A52E:2
752A2B7F2DA5533E46481A49959917D8BE5:1
7544B487B2149499230FB1819023230E94F:3
7596F9290F9EE37AB02D8E24CDC6173C6EB:66
76041A8897B2B7D7EE16516540BCBA6B496:22
761664CB9186684FF160CC040BFEBA24421:2
7649DFF915077B1ABFA61225481A955ABD9:2
769B0CC41ECC663DC735B49196903A191C2:1
76BF89E7A61E676BDA95C79BBE242838229:1
76E2B5A9F9DB783B3E0111E0C1C1AA361AB:1
76E56D739B5ABB685DB286D287066790722:10
77532D8D32EB959519E571DF38C98F88460:4
77684D44EA7643AC361B93A0296F7E2F8B6:1
778071575A7B184773BBD84B5CE26E9D68A:1
778492DC2BD93C1EB4C8E98B8D46965B9B9:1
77EA89A7FB3886098C5F0EE41F73FF63204:1
7819B77860A1E9959E1A415414912D0BCF3:2
78BE2A07EDBBB4C6E3D4795997B486879AD:1
795C81ACC14BFACF7728D4121166B2CBE4E:164
79C92BF3A2FC5705943F122FEC2418032A5:3
79EEBDB341F9012749E5E142DEDD68568C3:3
7A0C35192C588578C3C7C4148FD4E9EFEDF:1
7A42CB3DDBF46EE1C3BB07CAC71532A7067:1
7A5B96C16606D8C05863D3373608FD6C4D2:1
7A80A8E919A4D002816C862F081C8FCF4E5:1
7AF65CF17080237D40E84540074C150DD89:1
7B1B8D6CCA28D747B7097DADEE2EBC99170:5
7BB5C8BBBBF931AC6448CE7494E1890B4D6:1
7BFD2ED3C6B02610D47BCA3EEDD51869EBE:8
7C134D9F276E6B33F32D57F7C333721FCD2:3
7C1B72E4610165E466A809F6B9DC71A52A4:1
7C66937F02C8E8984B4D56DC6064B90A219:4
7D2DFEBEBA218973CBB07F553EE60496FA3:7
7D466240D9EB6DE2062FABD15885FB5127C:4
7D59E68006593F76CC0775EB28EB0EC44C0:3
7D97C624DC3A12E662F4A2EBB1B65F4C0A7:3
7DB6A1122CA7A677F2636A5992F522FAE00:1
7DE00A1769809E54E7D868B1E2284CF2059:4
7E81EAF8429F75015B8BF941B65096B1900:1
7EACDDBAC3474B227E7D3877C523657E93D:1
7F063BEBDD14DE1B9103F27ACEAC1249F7B:1
7F71376BD88C22FEA98634BED56CBC3359A:3
7F91961A4F0980B12DD88B060FA8808257F:1
7FF444AAAC7E2488EA5AFD56B0064E4280A:3
7FF797F4555B2F1F453EC28B8B44B299671:5
7FF7AC161A20D7E91D31983C01EB2ADDFE0:1
80224C3C4C5D518311BEA55CA2C166BF21E:1
8060D19C8FAF4E48BDD5DFA3FE9FB980412:2
809ADE8AD5DA7253DB84B7FC52B9E91D496:36
817E06BEBFE7A8BE1720728A6E35E10736F:2
81927B690B525A7841B2FFD9D46CCC31104:4
81B553695DF7E5AFBBAAA7F093708F23EAB:1
82719636E306A89A5F0F0FEEF9CEA6D1C6C:1
828D2D6664E2012536FD0DDF8CFDDC34D75:4
832CE6C04D252BD3792D7F9E81BADAD7906:4
836EF9DF88412951A5523C6A9C6BD46BAA2:1
83E07832D2C55D8A0C9377ECD038A4DD153:3
844EBF651982C6B1C30257973114E103294:1
844ED961CC1A079D27DDF2A3630C543AE18:4
84676C20B1C56ABF99D364968E02185DFA7:3
848CAF4BF7ADAE15229BFED79F9297A3A4F:2
8560EB4B3A3856C910C59AFC4FC39B3F951:2
865BE38CD322B1C2D05287E8F38F2B7D361:3
867BDBB99A0FAFC636C9AA111CA150C2481:2
868E9334AE03F715D0FD7523A2A42C5CB38:3
87A10B5D5E82466DD5D38ED38FF9E424CB9:1
8809EDF94850606576D0D24A9F3B2ABC007:14
884E3FC804ACE226E4D78E089426B470B9F:1
887594B4393C7EDD349B7C0E3D82F2F4375:1
888F64519F665569AA01E15D34843B96A3D:27
888FD4E99EFCDDFAEDB87161F4C165DBD8F:1
88A5C196B6C16BD08C78CACDE5EBADBD360:1
88AEDE832BBC1D232041B5EC5F54986CFE0:1
88F90EAEF3D0447562B6ACCD240C7AD684C:3
898ED4DA7F02CF68190C1CB908052839F33:3
89A1F3911CCB16CB8B2310AC6E16E4AADE0:4
8A4827662F34A2D251A4483AE936F170092:1
8A49C5D261B14427BB30E9C4EFE355A2147:1
8A51462583EACBAC893E2845E412AE64668:2
8A7F91D09720F016094BA790493E5208312:1
8AC18231EBDC6FAA6C9083FD97B1DB296AF:9
8B892E86E55F5F03C834C0C47690850C2E6:4
8B9CF76A97D17D37CFA9E9E11E8878174D4:3
8BEFEEB95CA9AF511F5743B6504CEA07105:8
8C1E46BB6675F25CB464CE9D00637CEB1B7:1
8C57EBE8981DB3BAA25CA30E1CAF07CF703:1
8C9EDEF40B87E52737101775DE9A5412292:1
8D087EE62817E6D184C5B77035FFFE09B7C:5
8D27DC2B26F4A8C692688A6A02F83DC59ED:2
8F16C06A5243AF307D05D22D4C1215603A5:2
8F7407E08B4D04B75BEAF35E74E97FC81B0:2
8FA10679A6A1D881C5B284B376F370AF8E9:4
9046B07C73D87DDAA937EBB0925A44CE767:3
90DF10663B07A78B351EEF84FA74214D52D:1
91441F4A03EC9ED9FB6FD407DA2534B2BA7:1
919A3E5FAB1085543E9E327EFE8E9E314F8:50
923C0F401729605650B39B907468FFC7E1A:1
92C2C7CC8E6DDB8D4BDD32F6D0A7BED28B0:4
935B684CEE31B94DDA6C205ABC4D5C753AA:2
9372C307D7AA7548DFDB9C1257CB8A08FE0:1
940965AAA0EB915F4DFFF7954E2A42DDC2B:2
94099DF384A7745FCC31A8F3024904FA593:1
947AE8B3A8D7972C3102384B99A17F6B6B2:1
958F07F16BDEA87F59432CB3778ED7E55AA:6
95900FE5DEEA4FBED744CFDB4F0D8D09112:3
95E5D31B9ABC5957A15F747CCAF78C62FBD:4
961B1C457CA4DF2605D8399B57704331D01:1
97ED36E639FFDC083A7AD15C1EF416872CE:1
980AA11EAC1444A831FCE568BCF3256C448:3
983F537277142293D8A06F0E12CA2E6D9A6:31
98C7CD15C76A2BDE0E6887AF13C7CA3F0B5:1
98D886F5C206819A78C2A3E8F792CB90A10:5
9A34429F47C5581AEB757A61805A4C31C30:1
9A4CC3A2854A42B8CCC3E46DB9FD59010E6:1
9A667677C639F7298BCE31B87951B7CB89F:4
9A718EA1B70761954989440C53ACA116CB4:2
9AA8E6E9E7AC7F5FC4DA13B14F4D02C8476:2
9AADEC8399F67E7DA1470681E0F3AEA4167:1
9AB66023D606A5AE130DE76FA01DF756933:22
9B8A8862B556F5D8F4FA77477CB5AEE4FD6:2
9CA037F46402C416916720D468797707985:1
9CDE2FA76D99F4ED6990A131FE008BE61AD:1
9D3323101B5CDB62B43FC0C60F27C9D4DC5:1
9DDF924A0BEBDC7A578397A3D21D57BC66F:3
9E234B9BAF6F6EBD58DCE4B42DB6DC0E91E:1
9E2A7947F6E7205311763D603873AD396C9:9
9E2BCE27051BB0A9836481923FE99965A08:1
9E6D78830ED4EF63A5F7CD93725AADDCEB0:5
9EDD22FBEC34C1C12B12E5C1BC8ADAA0FB0:3
9EDD934B6D80221EAD213BB2DBAAD610714:4
9EE1C77F043178E365917429EBDAF4A32F0:4
9F036EEE1F3FC84CFD2645114135EF55E0B:2
9F0925DC111F3A3734A699B3B1E9BAAECDC:1
9F0BFD3D7395504FFF13C4610463AE4FED7:5
9F54DBA82DEA601BB389509A67092CC861C:1
9F7C5E40B0A115B7EF5D30877C589AD27D1:1
9FD1BB8E3312CB05629A3E1729704BD2E19:5
A003BA4A213889739B9B7DFD7090F6BAA74:1
A02DB766B753C8B139922519184334E0EA7:2
A0A2C323D03A278DAB8084131673A507192:1
A0E8BB372BF57527739C886DD84375B4517:1
A0EEA2BEC1B05625B3B1F26E3E9BD932078:1
A1311453CA9F80024EF1B9D50826D13204B:2
A19E8C8ED1BDD1BD89A447FF4729F2661B7:1
A1CBF746373A46A36617F891A1795891D88:4
A1EE6221E6B7B97A054176B5F9DAE4BAB5A:1
A275E7FD424528EDDA27ECF275E220993DD:8
A37FB0FE7FD1621AA9BA186270D29C0CBA6:2
A38CD6C07429F5F0C45AB88988B60A182D8:19
A3E9B9ECC4D93844F2D262F7ED80C333BD6:2
A4009923E14944B83FB5395E67FE133FB1F:4
A453E6059A81EA85FE2799779FD64C2CB2D:3
A4A63DC85A92EDC46C365A6CB28602211BB:12
A5AC0935ECA214C64B5D1243787927DF8CD:4
A6069AA2E39021161BD849FA2D0777EAE78:5
A6313DC05A56B32DB605FE629B78A8AAE8F:1
A671AFE17AA064467A71229E922FD4CB6D1:3
A69D22259B5E522AD881A42B66DD909A3C3:1
A6C3CEEBCB56768563C0D31804E807801B8:4
A6ED3B964C1540875532FF09A2AF1482050:1
A720BE2FC50CE3524A432D738CFB2641511:1
A7BE2BAC011EEED305D9970125F31F690D8:2
A7E57B537C313CF42682D03914F1A7D104B:4
A81BAF90F3618A0F83C7FC9F0722B46F2C3:1
A860461CDC4C44F4BF2EB75BB6748365DF9:5
A87CB45A0F63AEA67C2A60BA29A43AD4219:4
A977345FF15149E45BA59DAEB64FD1F5E39:18
AA2696833AEB5C6A65E5120ABB609950D0A:1
AADBB4A4075BA1595A3D73CF459E10E535A:1
AAEFDD63AA8FCC14280E8D420C44E79CFB8:3
AB13AD7E1C1F86152548B5D10125AC0DE9E:3
AB620184849E38C5673D4D6D607682EFF99:5
AB776F8B1EEF1CE295E8C85F564BE541644:1
ABC36F5D1AFA24C0C228180B418282DF088:1
ABE400B5DF557E055C6BBD97F22A290420D:3
AC62E2F498D70D4C4A0E7F48DF48D5A5C2F:18
AC7FB2A5C0E101AF7E504A622C4A0240316:4
ACA8F6758BC1E7769C82D3A499C4654F7C4:1
ACCD500DB05012FCA2B97D747EB2E7F031F:1
AF206EF427B6B055B1A7BF2553B5DD221CC:1
AF3B3DE6C227E5C34E016DF5664F0F1DFB9:7
AFDCD1E2B6DCC59616AE68FF9C1BF82D254:1
B01E861D9A2B2A2448B5C9562B84A564D3D:1
B0626EDE2E9778E3CB3DF9704D86DE75ABA:2
B1D097938A3CE6AF5501EEFCF5D9905804B:1
B242329FD080F0187C3D998CF44B645A5BB:1
B2582E2FEC490331680E04AF90D54BFB89C:1
B276FA272AEAF7FD43D31FD172A5CC904CF:8
B36C5C62E98AD62B253F0A15126F8869CDC:5
B3B94F00B6841C5B1313CD5C20EBCF54EF8:2
B411419D7622A96E8FCBE47A6BE7BC624B2:1
B426F9001A5AE711D3CEDF6F8C6FEE97235:6
B46DAB1A5568F1CF4A51B150F22577CE614:7
B4C41FE9A77BA97EF429DAF446D1B29CF25:2
B52A5EE77DE2FC83161D16BABB2ADA56FE7:1
B53A045BBC4D4C2D16F24C48D866757260E:3
B5C8C5ECD22A9DA3E44EDACA411A604D81C:3
B6408FA7FD0FD9F82317FF3526672B35722:4
B654C8E3EADA84457F164FC5D28BD5F2D6D:9
B661B42E8ED3DEB695334AAC1222D84B419:1
B6EBEAD6EA355BFB8304664530F27201E0E:1
B710EFB196D4FE11B808922C0CC833F34A0:3
B7B4FECA58394F39337E5D09105E13609CC:1
B819691F7C37B15A738BA1E0E8542C155EE:4
B87C3E121C2F24EA3AC7FD02CAEAF028CC8:1
B886B824E4E62F21224966B6E428B153977:1
B8DFBFAC659D988E3A7BFF07BB284D276B7:1
B93C21E553F7019E5EABD2D7B290FFA51BB:1
B93D4092F262F235681B0E419C2DABD8F09:2
B991E3F1574EC441711ED994EDE2C22F8DF:1
B9A60D8F028A5EFE8D6E9CA9CF1F141A4B5:1
B9B4E1CF77CD7E987FB6445DAC801BCF415:1
BA328AB286258FD955C75415064CFA5141A:3
BA791ACB9452118FFFF4167E89E2C898594:3
BB9CF0FC37BF9C8AE3ACF3A69CFDEEB19AB:1
BBFCB2F284C21ED39A59FB7A13BABDFDCA5:3
BC8312676A9465E9FCE4C9EAECA1AD9D322:1
BCA5102091818841E8F69BEE599484F0F89:1
BCD306099179D2D0EF3F363FB751551CAE7:1
BD373D179373E16298448BCCB4916B2E955:1
BD5C7F5D3D5BB90C8B714CF5A0B50AB6F80:1
BD7A537C7190C9BABD8577F9714BB336E52:1
BE13AD08BC2F72540CACB7168A7642B2F10:1
C02C1727E3C57866E596F236F1248E8C208:1
C05B7033170372CF279761F162C8EF8289F:1
C10D9E2D1748D6E29028DA135CB22928D99:1
C1C496FD03FA74B7B55CD5418AC4916429D:6
C1F750425D2C70400C1B73BA04ED0997581:1
C20DD84F4CF971BE51F1C3A061DB89F43AD:2
C254B301971C284EE5BE459955235420585:1
C2879A8868B92FFCB60546351264F02640F:8
C28F611ED05A4D0C9B85A6ABA64014BC2D3:1
C2A1FCEE1B8DB57D038C257751BD2CCD0ED:2
C2F385EF466129458B441475D9661EC5A9B:1
C30A4F1C3BAC42DDAFE9FFD5A9F8F94BF0A:1
C3237AF890AF62F971B02C9CF93DEE1D579:1
C328385D87F0D0B6FBDA6F526D9C94A52FE:1
C34149E1AB4F731891949DD7DC630030462:1
C37F1F41080BCDBF6B6566935369C068B66:1
C3DB45DA38E845A2DAFAEA989BA35AACFAE:3
C4302B469698FE13D25EB1CD98B47329441:74
C50C1374BD1C8E79E74110F59CBDBB5EFC2:3
C5C6D0E94FBC90B3E964A201F38B020835C:1
C6C53BE20E464AC07368D7718D3D7DED41A:2
C6C73CE7CFF253A68887D42BDB26AF3E724:1
C6CCFCBE537D823FEC9DBBDDFE138E0E5EB:5
C6E0D1500FA168C68486DAD1E9DC7B23B19:1
C78453C8D90B29568C6C2FD33B608CEEF2B:2
C79E030046343042513A404F5ABD34B4023:16
C90132EE21AC5A0BF5ACE0BBBCE48B9325B:1
C933F201DA38C835DCE63A2818B7AEEB3F2:1
C950EA7519C8D3E5FE1F9484E8742A8A6F9:2
C9B442E1310D32DACC8B748E56897F040BF:2
CA0384FC8F791C8D286CDF724C998B296C6:1
CA29F095FA489B21BCE36C70830553F5427:1
CA73DB80A19DE1BFA6FC29186F0B5A05BF6:4
CA9560EEADB90545011ADCC01AC017907B6:3
CB36F89F478E8F39BD6490EB028D6717AC5:1
CB801AD3ACA22DFC4E988D3A4520D9776FE:1
CBA0FEFF3182865E7B403CF9A8845802728:1
CBC012AD4FD123569DD29B23E738DCC815C:1
CC3A63AF9A04EFB2C680226398A4DB53D8F:11
CC4F26FDC91260C553608445AC05B63C676:1
CCE0631ECADD1399E04F4016D4FACC82010:1
CE23DC846F0EA171805FB0AE50A8FDAE649:2
CE5C952977526B34D7FA27EF052021F20E7:1
CEA9CFBCC6C19FBB4DB56131CE2914128E1:1
CEEF02C40D1E9F554E04191FDC81CF61BAB:4
CF00BAA9B62DA1524F7FB9A2888003FF60D:2
CF18BEC937687BBF965E87B27649F7394F5:1
CF9738C87B6E3D372963FE41ED58A652E24:1
D08F35C18B7DB8BB44861F4CC796B9358DD:1
D0C25C96DA4C12E7D060A125BA8F04CE39F:3
D100AD7FE9B5313FC240A7AD78E173C055C:3
D117276D6C4678E798A9C4048F78269419D:13
D125A49E9639D3FE35C72F41417E28EDDEF:1
D162788CBFE6431C1779B0C89E781815B50:1
D16AE1B95704566EBFAFC54F8A54B8FEFC6:3
D20F0D2E5AD2EAE4404DA4B1C3BF1DE3BDD:6
D22872FDD6B2E070E00387AB616BDC027AB:1
D2951651B6C06ED6875A0C8BF53BC47DB81:1
D32B2C23A5956408436719138991D2FB925:3
D338C963C006CA78327928D4FED38E14F6A:1
D34BF0833EAB66FC363F4089BAECF59FC05:11
D36044A41227DAC23414D15106301DB831F:1
D3A1DA190533FF4E52245442C42981B047A:1
D42BB255B4F81F02853BA01FBB6D2D40A7E:2
D5179440AA13105100B4938AA543F7BFEA2:6
D56223793EC70BC347F321800FCF34260D9:1
D5736B84F4B33A42FE2AB4BBE1E24BA329E:1
D59A5E3922AF5CCE5A3A325C2394FC8A882:2
D5BF7A2EE800B62519FB90F67AF7151E243:1
D61110C3A571E0FB60D2FB3D6A6C3F90CCB:22
D63DC57CADBC3535B174A1124214F1830E9:5
D64242536E8D274A64BEE1F7B10EEBAFA2E:1
D65A025BF42EA37F4998D3F6238C6B69515:1
D6C549253701F28D156964037D770BBFE5A:2
D7D9082D86BC2C16897DADAF4F59548D508:20
D8924DBC84471BE8DE0423B5D770520A889:4
D8A0660B723DFD697A759A9337555B4E017:2
D8FE3A6301B7E14B0CDF83E439C55CCE03D:1
DA450B7ABFB364C8A0B1895A1BF78EEFAD3:2
DA67047EB7C4C3C4B30FF1CAD627DF5D627:1
DA77E5654019FD52C0A4F0F28DD191B6543:9
DA96F4159556C74A083F523526B0C0C2122:56
DB6975FF5F5BA8D407BE6A12F7C667A6FAA:1
DB778211790D92914E3CE25E9973ACCFD88:3
DC12940402766BF2186554CA8EE84390473:2
DC55C1403B9E5759F5C953F02ABDCB53345:1
DEA9FCCB2333F971C95D9A9946C5206291F:1
DEAEBE9066209CCDF11FCCED38E8E2D360B:24
DEBA07BC95279A0020C2A26BEB4C16073B6:3
DFA7F6CFE40544FA3DB16B1B323F6E2B2A4:1
E0BAD4EEF878D47738D8403C8CB03F48F2B:7
E117319314B8F858F18615081D6CF3A8B93:1
E1B9F513A06DFBF5F4588208E913523683B:1
E267BEFA3D28BC7073745225079E7BAB768:1
E2CEAAE344C2C11210200D1EC6D0D5F9C42:1
E2F8D04C9B4806A7AB74BEF6AFCD1E00974:4
E31F78DAD4EE3CFF2C2F8EF2456664C543B:1
E35B0F3E4D40F2669BA0B7242A0F645B856:2
E3BADAE3912D5C68D52D382A831D2C1DA37:1
E3F2FBD5F3DB5E40CF447706639FDADB051:1
E41B90CF8DBB4B665CAF1E7AFB38D52F254:1
E46C5D845125B1B2C0B2BF88021D3EEE5E8:2
E4893ADCC9FF411EEDE6D5C7B114C612048:8
E4D728F3BFDEF69C7A6C1598117A96E654E:1
E51F83BC3F3DCA8848DDE805B686377577D:1
E59134915C84FC05EF9B7F3E0D28211FD2B:1
E59A18E3AEF5C25C3934FFC31B05C02009A:2
E60EF42995068F772A9AA35D81289624A5C:1
E670338478300A40AC8BC13189C5A7EA1D0:5
E679EA263B5C115D74F409D7E308BFE83AB:3
E69C473D638FA6A15F7BEA9B2E37E948FE5:1
E72D4A4712AE07ED4B74402D5FCE57503E5:1
E762B6AC378075180BF648B2171796A1F49:1
E85869717ABECE82AC59E15D08A4353DCAD:3
E8E21E25EE671D7A9D7A0F5B5E082018143:6
E8E409F0933DB8F575CF3F06733102BE58B:1
E9462DA968717F55D74EE0CD8A611EDD3C4:10
E989DC0F4D37D48A75D8990050B31F9B753:3
E9AEAE816CA2082BD9419E87FC2E8BBF5B0:1
E9C1BE882392F941BF04DC94F6FAA2D6793:9
E9C63C3588A04920CB81730B5861C05A6C9:3
E9CC23BCB833E6495D2060A1554F7C18441:4
E9D091E2084868685E7247356B606795700:16
EA00D06CDE14794063E945DB7C3BA041D60:3
EA60DC17491E23A33FDA7FDCBBB729F50BA:6
EB1367B3F5ACD97FD3C1D27C8ADE63E6AEC:1
EB790C4667DEFBDC9BD1E8AB9CC1AF98D3F:2
EBA67F24B70C56FCF4E3E3A546A116F9312:1
EBFC04494DA73BE5864877F5F1183360A89:3
EC5CCB4F2D79A304131FA533B299CDA5D74:3
EDFBE00EBEC58DA3CD3F0AB2A6895E997EF:3
EE1995C70A42538C0B4FC80860E14D1B496:3
EE27B6CD74DBE6186ABAA36184507DE6656:1
EEADEF8D8E22AEB5513B8F9283A06446850:1
EF1B6FD21B02B011079F321D5FED3D817C9:2
F032D02739D080DAE9B052339B6F7D3E4D5:1
F0DCB22A8DE6E345EDEE62F0A4124B60EA5:1
F0E8DBFEC36398497022E9B7DC72C0CEA84:1
F0EF89E51D6065C857E5530B6510DD4C6AA:1
F177700CF6A305923E406266828C6835FBA:4
F19288B97A14233E28EE5E762196745549D:2
F2B5952801746E7B0D21AB1DD65E6E3D097:7
F2BD81CADB5CD1D93D54604211E508603EC:1
F32613305730FE3634151E6EF386C33405B:9
F3C0333D6717CE0B2C34AD645E718F7A259:3
F3C919C9B08079D622845F859A425719F53:2
F402D582F956BDD834DEA1CF1FC795A776D:2
F4388F54AB263B28C3DC16412057EC84493:2
F443533007FC616337B60680AFA7D24547D:2
F493F8D148B2CC9756F7DBB1C58D7EDFD5F:1
F4AB96A9B74EC53B6EFA946D62ADF882CEF:2
F4CB8888A1D4E88C776E51FA51FDA9C06DC:2
F75BBC81A64B73257AE071770ED87DF71D3:2
F76257E9C330A0746C41336E4EBA1AF42BE:2
F7FFE76F56E39EDA1BA1E6DC984D764F2C7:1
F88869A4AAA700088A6890CE64E788392A4:1
F8FBFB543E1ABD070B4BBAA52ACCAFEF165:3
F91F3FC7D63F397DF7B2383F3137CF7FDAC:1
F92A79BF69A08DBD79D13756E20E7C99A5F:3
F94D20951EB7C6362DC1B4E1068E00FCFFF:4
F952F91CC9D2E87D87567286C13C4D72B6A:2
F99B5465ABC2AC01D2A080BA56A6D48F318:5
FA283DF4A2BD1D258484BD1B621A967F82F:1
FA36351A611DA31D17B9E8C213AA04BE624:1
FAF2237D825AAF64E6F15DDE0B11A59F865:1
FBC8A26580788006A07EE46425466EBC0B0:1
FC4768300BF963F4EC191BC610C3ACF2607:1
FC6792965FC089EE785F89AB12A1FF75D47:3
FD1D3D997A43FD8F6D81A9ED7FD77457E9F:6
FD2DD9A816ABDCC671EE67E7E4F8A97E302:1
FD68DB47CFE0BCA94D9F1BC255FD726651F:12
FD7FBB4BAA48B22FCF5C590E5DDD73F62BB:4
FDABC1430D7ACE3BD467DCF1C03C1227F4B:2
FE003A70BBDD3D47B296C6F9962BD0065E3:3
FE1484AEEC3DC9ADCFEBF1C5628AA541C29:314
FEA80AA80AE405C0B01BBEC101DB99DE96C:93
FEC2ACF6DAC28C9C824B3E269B52DCF52A8:2
FEC32525CFA155920470E1D9BBDE6023FC7:1
FF299968B6291ED0978A0B0B09804D06179:2
FF54CF475A264E743FA74A2645FAFBD6C3B:1